@book{stigler:1990:history,
  title={The history of statistics},
  author={Stigler, S.},
  year={1990},
  publisher={Harvard University Press}
}